<record><leader>00000cas a22000007a 4500</leader><controlfield tag="001">17424954</controlfield><controlfield tag="008">880203d18921932pauwr ne      0    0eng d</controlfield><datafield ind1=" " ind2=" " tag="010"><subfield code="a">sn 88079046 </subfield></datafield><datafield ind1=" " ind2=" " tag="040"><subfield code="a">NPH</subfield><subfield code="b">eng</subfield><subfield code="c">NPH</subfield><subfield code="d">OCLCQ</subfield></datafield><datafield ind1=" " ind2=" " tag="042"><subfield code="a">msc</subfield></datafield><datafield ind1="0" ind2=" " tag="130"><subfield code="a">M'Donald outlook (McDonald, Pa. : 1892)</subfield></datafield><datafield ind1="1" ind2="0" tag="245"><subfield code="a">M'Donald outlook.</subfield></datafield><datafield ind1="3" ind2="0" tag="246"><subfield code="a">Outlook</subfield></datafield><datafield ind1="3" ind2="0" tag="246"><subfield code="a">McDonald outlook</subfield></datafield><datafield ind1=" " ind2=" " tag="260"><subfield code="a">McDonald, Pa. :</subfield><subfield code="b">[s.n.],</subfield><subfield code="c">1892-</subfield></datafield><datafield ind1=" " ind2=" " tag="300"><subfield code="a">42 v. ;</subfield><subfield code="c">60 cm.</subfield></datafield><datafield ind1=" " ind2=" " tag="310"><subfield code="a">Weekly</subfield></datafield><datafield ind1="0" ind2=" " tag="362"><subfield code="a">Vol. 5, no. 34 (Feb. 13, 1892)-v. 47, no. 9 (July 7, 1932).</subfield></datafield><datafield ind1=" " ind2=" " tag="500"><subfield code="a">Publisher: Delmont Phillips, &lt;Dec. 31, 1892-July 20, 1901&gt;.</subfield></datafield><datafield ind1=" " ind2=" " tag="500"><subfield code="a">Title varies: The outlook, Mar. 9-Apr. 6, 1901; McDonald outlook, &lt;Jan. 1912&gt;.</subfield></datafield><datafield ind1=" " ind2=" " tag="500"><subfield code="a">The words "Published at McDonald and Midway, Pa." appear on masthead.</subfield></datafield><datafield ind1=" " ind2=" " tag="752"><subfield code="a">United States</subfield><subfield code="b">Pennsylvania</subfield><subfield code="c">Washington</subfield><subfield code="d">McDonald.</subfield></datafield><datafield ind1=" " ind2=" " tag="752"><subfield code="a">United States</subfield><subfield code="b">Pennsylvania</subfield><subfield code="c">Allegheny</subfield><subfield code="d">McDonald.</subfield></datafield><datafield ind1=" " ind2=" " tag="752"><subfield code="a">United States</subfield><subfield code="b">Pennsylvania</subfield><subfield code="c">Washington</subfield><subfield code="d">Midway.</subfield></datafield><datafield ind1="0" ind2="0" tag="780"><subfield code="t">Robinson Valley outlook</subfield><subfield code="w">(DLC)sn 88079047</subfield></datafield><datafield ind1="0" ind2="7" tag="785"><subfield code="t">McDonald record</subfield><subfield code="w">(DLC)sn 87078344</subfield></datafield><datafield ind1="0" ind2="7" tag="785"><subfield code="t">Record-outlook</subfield><subfield code="w">(DLC)sn 84007719</subfield></datafield></record>